@article{pscl,
    title = {Regression Models for Count Data in {R}},
    author = {Achim Zeileis and Christian Kleiber and Simon Jackman},
    journal = {Journal of Statistical Software},
    year = {2008},
    volume = {27},
    number = {8},
    url = {https://www.jstatsoft.org/v27/i08/},
  }
  
@misc{osm,
   author = {{OpenStreetMap contributors}},
   title = {{Planet dump retrieved from https://planet.osm.org}},
   howpublished = "\url{ https://www.openstreetmap.org}",
   year = {2017},
 }
 
@misc{hsr_gtfs,
   author = {{City of Hamilton}},
   title = {HSR Transit Feed},
   howpublished = "\url{https://opendata.hamilton.ca/GTFS-Static/}",
   year = {2024},
 }
 
@misc{census,
   author = {{Statistics Canada}},
   title = {Census Profile, 2021 Census of Population},
   howpublished = "\url{https://www12.statcan.gc.ca/census-recensement/2021/dp-pd/prof/index.cfm?Lang=E}",
   year = {2022},
 }
 
@misc{overpass,
   author = "{OpenStreetMap Wiki}",
   title = "Overpass API --- OpenStreetMap Wiki",
   year = "2024",
   url = {https://wiki.openstreetmap.org/w/index.php?title=Overpass_API&oldid=2745759},
   note = "[Online; accessed 17-November-2024]"
 }
 
@manual{cancensus,
    author = {Jens {von Bergmann} and Dmitry Shkolnik and Aaron Jacobs},
    title = {cancensus: R package to access, retrieve, and work with Canadian Census data and geography},
    year = {2022},
    note = {R package version 0.5.7},
    url = {https://mountainmath.github.io/cancensus/}
  }
  
@article{caspi2012relationship,
  title={The relationship between diet and perceived and objective access to supermarkets among low-income housing residents},
  author={Caspi, Caitlin E and Kawachi, Ichiro and Subramanian, SV and Adamkiewicz, Gary and Sorensen, Glorian},
  journal={Social science \& medicine},
  volume={75},
  number={7},
  pages={1254--1262},
  year={2012},
  publisher={Elsevier}
}

@article{minaker2016retail,
  title={Retail food environments in Canada: Maximizing the impact of research, policy and practice},
  author={Minaker, Leia M},
  journal={Canadian Journal of Public Health},
  volume={107},
  number={Suppl 1},
  pages={eS1--eS3},
  year={2016},
  publisher={Springer}
}

@article{kirkpatrick2014dietary,
  title={Dietary assessment in food environment research: a systematic review},
  author={Kirkpatrick, Sharon I and Reedy, Jill and Butler, Ebone{\'e} N and Dodd, Kevin W and Subar, Amy F and Thompson, Frances E and McKinnon, Robin A},
  journal={American journal of preventive medicine},
  volume={46},
  number={1},
  pages={94--102},
  year={2014},
  publisher={Elsevier}
}

@article{christian2012using,
  title={Using geospatial technologies to explore activity-based retail food environments},
  author={Christian, W Jay},
  journal={Spatial and spatio-temporal epidemiology},
  volume={3},
  number={4},
  pages={287--295},
  year={2012},
  publisher={Elsevier}
}

@article{widener2015spatiotemporal,
  title={Spatiotemporal accessibility to supermarkets using public transit: an interaction potential approach in Cincinnati, Ohio},
  author={Widener, Michael J and Farber, Steven and Neutens, Tijs and Horner, Mark},
  journal={Journal of Transport Geography},
  volume={42},
  pages={72--83},
  year={2015},
  publisher={Elsevier}
}

@article{farber2014temporal,
  title={Temporal variability in transit-based accessibility to supermarkets},
  author={Farber, Steven and Morang, Melinda Z and Widener, Michael J},
  journal={Applied Geography},
  volume={53},
  pages={149--159},
  year={2014},
  publisher={Elsevier}
}

@article{widener2017changes,
  title={How do changes in the daily food and transportation environments affect grocery store accessibility?},
  author={Widener, Michael J and Minaker, Leia and Farber, Steven and Allen, Jeff and Vitali, Brigitte and Coleman, Paul C and Cook, Brian},
  journal={Applied geography},
  volume={83},
  pages={46--62},
  year={2017},
  publisher={Elsevier}
}

@Manual{GroceryStoreHamiltonData,
  title = {GroceryStoreHamiltonData: Data for the paper "Food Deserts or Food Oases? Predicting Grocery Store Locations in Hamilton, Ontario"},
  author = {Zehui Yin},
  year = {2024},
  note = {R package version 1.1},
  url = {https://github.com/zehuiyin/GroceryStoreHamiltonData}
}

@manual{zinb,
  title = {Chapter 328 Zero-Inflated Negative Binomial Regression.},
  author = {{NCSS Statistical Software}},
  year = {n.d.},
  url = {https://www.ncss.com/wp-content/themes/ncss/pdf/Procedures/NCSS/Zero-Inflated_Negative_Binomial_Regression.pdf}
}